<record><leader>00000cas a2200000 a 4500</leader><controlfield tag="001">14872478</controlfield><controlfield tag="008">861125d18661867inuwr ne      0   a0eng c</controlfield><datafield ind1=" " ind2=" " tag="010"><subfield code="a">sn 86059091 </subfield></datafield><datafield ind1=" " ind2=" " tag="040"><subfield code="a">NPI</subfield><subfield code="b">eng</subfield><subfield code="c">NPI</subfield><subfield code="d">CUI</subfield><subfield code="d">OCLCQ</subfield><subfield code="d">OCLCF</subfield><subfield code="d">HUL</subfield><subfield code="d">DLC</subfield></datafield><datafield ind1="0" ind2=" " tag="022"><subfield code="a">2574-9625</subfield><subfield code="2">1</subfield></datafield><datafield ind1=" " ind2=" " tag="042"><subfield code="a">pcc</subfield><subfield code="a">nsdp</subfield></datafield><datafield ind1=" " ind2=" " tag="043"><subfield code="a">n-us-in</subfield></datafield><datafield ind1="1" ind2="0" tag="050"><subfield code="a">ISSN RECORD</subfield></datafield><datafield ind1=" " ind2="4" tag="050"><subfield code="a">AN</subfield></datafield><datafield ind1="1" ind2="0" tag="082"><subfield code="a">071.3</subfield><subfield code="2">23</subfield></datafield><datafield ind1=" " ind2="0" tag="222"><subfield code="a">Indiana State commercial</subfield></datafield><datafield ind1="0" ind2="0" tag="245"><subfield code="a">Indiana State commercial.</subfield></datafield><datafield ind1=" " ind2=" " tag="260"><subfield code="a">Lafayette, Ind. :</subfield><subfield code="b">Rosser, Spring, &amp; Cowen</subfield></datafield><datafield ind1=" " ind2=" " tag="310"><subfield code="a">Weekly</subfield></datafield><datafield ind1=" " ind2=" " tag="336"><subfield code="a">text</subfield><subfield code="b">txt</subfield><subfield code="2">rdacontent</subfield></datafield><datafield ind1=" " ind2=" " tag="337"><subfield code="a">unmediated</subfield><subfield code="b">n</subfield><subfield code="2">rdamedia</subfield></datafield><datafield ind1=" " ind2=" " tag="338"><subfield code="a">volume</subfield><subfield code="b">nc</subfield><subfield code="2">rdacarrier</subfield></datafield><datafield ind1="1" ind2=" " tag="362"><subfield code="a">Ceased in Jan. 1867.</subfield></datafield><datafield ind1=" " ind2=" " tag="588"><subfield code="a">Description based on: Vol. 3, no. 49 (Nov. 1, 1866).</subfield></datafield><datafield ind1=" " ind2="0" tag="651"><subfield code="a">Lafayette (Ind.)</subfield><subfield code="v">Newspapers.</subfield></datafield><datafield ind1=" " ind2="0" tag="651"><subfield code="a">Tippecanoe County (Ind.)</subfield><subfield code="v">Newspapers.</subfield></datafield><datafield ind1=" " ind2="7" tag="651"><subfield code="a">Indiana</subfield><subfield code="z">Lafayette.</subfield><subfield code="2">fast</subfield><subfield code="0">(OCoLC)fst01204553</subfield></datafield><datafield ind1=" " ind2="7" tag="651"><subfield code="a">Indiana</subfield><subfield code="z">Tippecanoe County.</subfield><subfield code="2">fast</subfield><subfield code="0">(OCoLC)fst01213782</subfield></datafield><datafield ind1=" " ind2="7" tag="655"><subfield code="a">Newspapers.</subfield><subfield code="2">fast</subfield><subfield code="0">(OCoLC)fst01423814</subfield></datafield><datafield ind1=" " ind2=" " tag="752"><subfield code="a">United States</subfield><subfield code="b">Indiana</subfield><subfield code="c">Tippecanoe</subfield><subfield code="d">Lafayette.</subfield></datafield><datafield ind1="0" ind2="0" tag="780"><subfield code="t">Lafayette weekly commercial advertiser</subfield><subfield code="x">2574-9609</subfield><subfield code="w">(DLC)sn 85038044</subfield><subfield code="w">(OCoLC)11659667</subfield></datafield><datafield ind1="0" ind2="7" tag="785"><subfield code="t">Lafayette home advocate</subfield><subfield code="x">2574-9633</subfield><subfield code="w">(DLC)sn 87055785</subfield><subfield code="w">(OCoLC)15496134</subfield></datafield><datafield ind1="0" ind2="7" tag="785"><subfield code="t">Indiana State commercial and home advocate</subfield><subfield code="x">2572-2425</subfield><subfield code="w">(DLC)sn 83025620</subfield><subfield code="w">(OCoLC)9675257</subfield></datafield></record>